@article{tordeux2018,
    author = {Tordeux, Antoine and Chraibi, Mohcine and Seyfried, Armin and Schadschneider, Andreas},
    year = {2018},
    month = {01},
    pages = {},
    title = {Prediction of Pedestrian Speed with Artificial Neural Networks}
}

@article{helbing2005,
    author = {Helbing, Dirk and Buzna, Lubos and Johansson, Anders and Werner, Torsten},
    year = {2005},
    month = {02},
    pages = {1-24},
    title = {Self-Organized Pedestrian Crowd Dynamics: Experiments, Simulations, and Design Solutions},
    volume = {39},
    journal = {Transportation Science},
    doi = {10.1287/trsc.1040.0108}
}

@Inbook{schadschneider2009,
    author="Schadschneider, Andreas
    and Klingsch, Wolfram
    and Kl{\"u}pfel, Hubert
    and Kretz, Tobias
    and Rogsch, Christian
    and Seyfried, Armin",
    editor="Meyers, Robert A.",
    title="Evacuation Dynamics: Empirical Results, Modeling and Applications",
    bookTitle="Encyclopedia of Complexity and Systems Science",
    year="2009",
    publisher="Springer New York",
    address="New York, NY",
    pages="3142--3176",
    isbn="978-0-387-30440-3",
    doi="10.1007/978-0-387-30440-3_187",
    url="https://doi.org/10.1007/978-0-387-30440-3_187"
}

@misc{pedestrians-database,
    title={Forschungszentrum Julich: Dataset of experiments with pedestrians},
    howpublished={\url{https://ped.fz-juelich.de/database}}
}

@article{datasets,
    author = {Tordeux, Antoine and Chraibi, Mohcine and Seyfried, Armin and Schadschneider, Andreas},
    year = {2018},
    month = {01},
    pages = {},
    title = {Prediction of Pedestrian Speed with Artificial Neural Networks}
}
